<?xml version="1.0" encoding="UTF-8"?><collection xmlns="http://www.loc.gov/MARC21/slim"><record><leader>00684nam--2200181-i-4500</leader><controlfield tag="001">000023694</controlfield><controlfield tag="002">20161230</controlfield><controlfield tag="005">20161230201035</controlfield><controlfield tag="008">060222s1000------------r-----000-0-fre-d</controlfield><datafield ind1=" " ind2=" " tag="040"><subfield code="a">IFIN-HH</subfield></datafield><datafield ind1=" " ind2=" " tag="041"><subfield code="a">fre</subfield></datafield><datafield ind1=" " ind2=" " tag="080"><subfield code="a">621.385.831:537.533.3(043)</subfield></datafield><datafield ind1="1" ind2=" " tag="100"><subfield code="a">Evrard, Robert</subfield></datafield><datafield ind1="1" ind2="0" tag="245"><subfield code="a">Optique electroniques continues par distribution ohmique du potentiel sur des surfaces semiconductrices a resistance profilee. application a de nouveaux tubes electroniques convertisseurs ou intensificateurs d`images</subfield><subfield code="b">These</subfield><subfield code="c">Robert evrard</subfield></datafield><datafield ind1=" " ind2=" " tag="260"><subfield code="a">Paris</subfield><subfield code="b">L`Universite De Paris-sud, Centre D`Orsay</subfield><subfield code="c">1975</subfield></datafield><datafield ind1=" " ind2=" " tag="300"><subfield code="a">75P</subfield></datafield><datafield ind1=" " ind2=" " tag="852"><subfield code="a">44811</subfield><subfield code="c">537.533.3</subfield></datafield><datafield ind1=" " ind2=" " tag="CAT"><subfield code="a">Sys</subfield><subfield code="c">20110901</subfield><subfield code="h">114744</subfield></datafield></record></collection>